<collection xmlns='http://www.loc.gov/MARC21/slim' xmlns:xsi='http://www.w3.org/2001/XMLSchema-instance' xsi:schemaLocation='http://www.loc.gov/standards/marcxml/schema/MARC21slim.xsd'>
  <record xmlns="http://www.loc.gov/MARC21/slim">
    <leader>00000ntm a2200000Ia 4500</leader>
    <controlfield tag="001">on1135058527</controlfield>
    <controlfield tag="008">200107s1777    tu p          000 0 ara d</controlfield>
    <datafield tag="040" ind1=" " ind2=" ">
      <subfield code="a">BMC</subfield>
      <subfield code="b">eng</subfield>
      <subfield code="e">amremm</subfield>
      <subfield code="c">BMC</subfield>
    </datafield>
    <datafield tag="041" ind1="0" ind2=" ">
      <subfield code="a">ara</subfield>
      <subfield code="a">ota</subfield>
    </datafield>
    <datafield tag="099" ind1=" " ind2=" ">
      <subfield code="a">BV 48</subfield>
    </datafield>
    <datafield tag="049" ind1=" " ind2=" ">
      <subfield code="a">BMCC</subfield>
    </datafield>
    <datafield tag="245" ind1="0" ind2="0">
      <subfield code="a">[Devotional book].</subfield>
    </datafield>
    <datafield tag="264" ind1=" " ind2="0">
      <subfield code="a">[Turkey?],</subfield>
      <subfield code="c">1777.</subfield>
    </datafield>
    <datafield tag="300" ind1=" " ind2=" ">
      <subfield code="a">i, 76, i leaves :</subfield>
      <subfield code="b">paper, illuminations ;</subfield>
      <subfield code="c">162 x 105 (103 x 54) mm bound to 163 x 107 mm</subfield>
    </datafield>
    <datafield tag="336" ind1=" " ind2=" ">
      <subfield code="a">text</subfield>
      <subfield code="b">txt</subfield>
      <subfield code="2">rdacontent</subfield>
    </datafield>
    <datafield tag="337" ind1=" " ind2=" ">
      <subfield code="a">unmediated</subfield>
      <subfield code="b">n</subfield>
      <subfield code="2">rdamedia</subfield>
    </datafield>
    <datafield tag="338" ind1=" " ind2=" ">
      <subfield code="a">volume</subfield>
      <subfield code="b">nc</subfield>
      <subfield code="2">rdacarrier</subfield>
    </datafield>
    <datafield tag="340" ind1=" " ind2=" ">
      <subfield code="d">manuscript</subfield>
    </datafield>
    <datafield tag="500" ind1=" " ind2=" ">
      <subfield code="a">Manuscript codex.</subfield>
    </datafield>
    <datafield tag="520" ind1=" " ind2=" ">
      <subfield code="a">Devotional book containing selections from the Qurʼān, other short prayers and illuminated panels and calligraphic drawings. Several pages of prayers in a different hand at the end with the last page inverted (f. 71v-76v). Some titles in Ottoman Turkish.</subfield>
    </datafield>
    <datafield tag="546" ind1=" " ind2=" ">
      <subfield code="a">Arabic with some titles in Ottoman Turkish.</subfield>
    </datafield>
    <datafield tag="500" ind1=" " ind2=" ">
      <subfield code="a">Title supplied by cataloger.</subfield>
    </datafield>
    <datafield tag="505" ind1="0" ind2=" ">
      <subfield code="a">1. f. 1v-25r: al-Anʻām -- 2. f. 25r-28r: al-Dukhān -- 3. f. 28r-34r: Yā Sīn -- 4. f. 34r-38v: al-Fatḥ -- 5. f. 38v-42r: al-Rahmān -- 6. f. 42r-45v: al-Wāqiʻah -- 7. f. 45v-48r: al-Mulk -- 8. f. 48r-49v: al-Nabāʼ -- 9. f. 49v-50r: al-Fīl -- 10. f. 50r: Quraysh -- 11. f. 50r-50v: al-Māʻūn -- 12. f. 50v: al-Kawthar -- 13. f. 50v-51r: al-Kāfirūn -- 14. f. 51r: al-Naṣr -- 15. f. 51r-51v: al-Masad -- 16. f. 51v: al-Ikhlāṣ -- 17. f. 51v-52r: al-Falaq -- 18. f. 52r: al-Nās -- 19. f. 52r-52v: al-Fātiḥah -- 20. f. 52v-53v: Duʻā asmāʼ al-ḥusná -- 21. f. 54r-57v: [Selected verses from several different sūrahs] -- 22. f. 58r-60r: [Set of illuminated panels: ʻAyn, description of the Prophet, Ḥadīth] -- 23. f. 60v-70v: [Prayers and other invocations] -- 24. f. 70v-76v: [Prayer]</subfield>
    </datafield>
    <datafield tag="500" ind1=" " ind2=" ">
      <subfield code="a">Foliation: Modern foliation added in pencil, upper left recto; catchwords each verso, lower left.</subfield>
    </datafield>
    <datafield tag="500" ind1=" " ind2=" ">
      <subfield code="a">Layout: Written in 11 long lines; border-ruled.</subfield>
    </datafield>
    <datafield tag="500" ind1=" " ind2=" ">
      <subfield code="a">Script: Written in naskh in black ink; pointed, vocalized.</subfield>
    </datafield>
    <datafield tag="500" ind1=" " ind2=" ">
      <subfield code="a">Decoration: Illuminated polychrome and gold headpiece on first page (f. 1v); textblock is border-ruled in gold and red; gold roundels mark verse endings; gold bars divide sections of the Qurʼān; rubrications in red, including readings and titles; 5 full-page illuminated panels with descriptions of the Prophet and Ḥadīth (f. 58r-60r)</subfield>
    </datafield>
    <datafield tag="500" ind1=" " ind2=" ">
      <subfield code="a">Origin: Copy completed on 7 Ramadan 1191 A.H. (October 1777) by Muṣṭafá, a student of ʻAbd Allāh (f. 70v)</subfield>
    </datafield>
    <datafield tag="500" ind1=" " ind2=" ">
      <subfield code="a">Binding: Bound in red leather over pasteboard (Type III); gilt stamped paper onlay central mandorla and two pendants on the vertical axis with gold tooled frame on front cover; back cover has blind-stamped central mandorla.</subfield>
    </datafield>
    <datafield tag="500" ind1=" " ind2=" ">
      <subfield code="a">A waqf statement indicates that Muḥammad al-Ghazlāwī donated this book in 1258 A.H. (1842 or 1843) (f. 1r)</subfield>
    </datafield>
    <datafield tag="524" ind1=" " ind2=" ">
      <subfield code="a">Bryn Mawr College Libraries BV 48</subfield>
    </datafield>
    <datafield tag="541" ind1="1" ind2=" ">
      <subfield code="a">Presumed to be a gift of Doreen Canaday Spitzer.</subfield>
    </datafield>
    <datafield tag="561" ind1="1" ind2=" ">
      <subfield code="a">Formerly owned by Muḥammad al-Ghazlāwī (waqf note f. 1r).</subfield>
    </datafield>
    <datafield tag="650" ind1=" " ind2="0">
      <subfield code="a">Islam</subfield>
      <subfield code="v">Prayers and devotions</subfield>
      <subfield code="v">Early works to 1800.</subfield>
    </datafield>
    <datafield tag="655" ind1=" " ind2="0">
      <subfield code="a">Manuscripts, Arabic.</subfield>
    </datafield>
    <datafield tag="655" ind1=" " ind2="0">
      <subfield code="a">Manuscripts, 18th century.</subfield>
    </datafield>
    <datafield tag="655" ind1=" " ind2="7">
      <subfield code="a">Codices (bound manuscripts)</subfield>
      <subfield code="2">aat</subfield>
    </datafield>
    <datafield tag="655" ind1=" " ind2="7">
      <subfield code="a">Manuscripts (documents)</subfield>
      <subfield code="2">aat</subfield>
    </datafield>
    <datafield tag="655" ind1=" " ind2="7">
      <subfield code="a">Illuminations (painting)</subfield>
      <subfield code="2">aat</subfield>
    </datafield>
    <datafield tag="655" ind1=" " ind2="7">
      <subfield code="a">Onlays (decorative components)</subfield>
      <subfield code="2">lobt</subfield>
    </datafield>
    <datafield tag="700" ind1="1" ind2=" ">
      <subfield code="6">880-01</subfield>
      <subfield code="a">Ghazlāwī, Muḥammad,</subfield>
      <subfield code="d">active 1842,</subfield>
      <subfield code="e">former owner.</subfield>
    </datafield>
    <datafield tag="700" ind1="1" ind2=" ">
      <subfield code="a">Spitzer, Doreen Canaday,</subfield>
      <subfield code="e">donor.</subfield>
    </datafield>
    <datafield tag="730" ind1="0" ind2="2">
      <subfield code="a">Qurʼan.</subfield>
      <subfield code="k">Selections.</subfield>
    </datafield>
    <datafield tag="856" ind1="4" ind2="1">
      <subfield code="z">Digital facsimile in OPenn</subfield>
      <subfield code="u">http://openn.library.upenn.edu/Data/0003/html/bv_048.html</subfield>
    </datafield>
    <datafield tag="852" ind1=" " ind2=" ">
      <subfield code="b">Special Collections</subfield>
      <subfield code="a">Bryn Mawr College Libraries</subfield>
      <subfield code="e">Bryn Mawr, PA</subfield>
      <subfield code="u">https://tricolib.primo.exlibrisgroup.com/discovery/search?vid=01TRI_INST:BMC</subfield>
    </datafield>
    <datafield tag="880" ind1="1" ind2=" ">
      <subfield code="6">700-01/(3/r</subfield>
      <subfield code="a">غزلاوي، محمد،</subfield>
      <subfield code="d">active 1842,</subfield>
      <subfield code="e">former owner.</subfield>
    </datafield>
    <datafield tag="066" ind1=" " ind2=" ">
      <subfield code="c">(3</subfield>
    </datafield>
  </record></collection>